<?xml version="1.0" encoding="UTF-8"?><record xmlns="http://www.loc.gov/MARC21/slim" xmlns:cinclude="http://apache.org/cocoon/include/1.0" xmlns:zs="http://www.loc.gov/zing/srw/">
  <leader>00385cz  a2200133n  4500</leader>
  <controlfield tag="001">n 2003089628</controlfield>
  <controlfield tag="003">DLC</controlfield>
  <controlfield tag="005">20031210100514.0</controlfield>
  <controlfield tag="008">031210n| acannaabn          |n aaa      </controlfield>
  <datafield tag="010" ind1=" " ind2=" ">
    <subfield code="a">n 2003089628</subfield>
  </datafield>
  <datafield tag="040" ind1=" " ind2=" ">
    <subfield code="a">DLC</subfield>
    <subfield code="b">eng</subfield>
    <subfield code="c">DLC</subfield>
  </datafield>
  <datafield tag="100" ind1="1" ind2=" ">
    <subfield code="a">Haase, Ludolf</subfield>
  </datafield>
  <datafield tag="670" ind1=" " ind2=" ">
    <subfield code="a">Haase, Ludolf. Durchbruch in Niedersachsen, 1941:</subfield>
    <subfield code="b">t.p. (Ludolf Haase)</subfield>
  </datafield>
  <datafield tag="675" ind1=" " ind2=" ">
    <subfield code="a">World biog. index 12 website, Dec. 10, 2003</subfield>
  </datafield>
</record>